
@misc{Matthew&Zip, title={Deepfake detection by human crowds, machines, and machine-informed crowds}, url={https://doi.org/10.1073/pnas.2110013119}, journal={PNAS}, publisher={Scientific Research Publishing}, author={Matthew Groh,Zip Epstein}, year={2021}, month={December}} 
@misc{Almars_2021, title={Deepfakes detection techniques using Deep Learning A Survey}, url={https://www.scirp.org/journal/paperinformation?paperid=109149}, journal={SCIRP}, publisher={Scientific Research Publishing}, author={Almars, Abdulqader M.}, year={2021}, month={May}}
@misc{Vrizlynn, title={Deepfake Detection with Deep Learning: Convolutional Neural Networks versus Transformers}, url={https://arxiv.org/pdf/2304.03698.pdf}, publisher={Singapore Technologies Engineering}, author={Vrizlynn L. L. Thing}, year={2023}, month={April}}
@misc{Fake_Deep, title={Deepfake, Can You Spot Them?}, url={https://detectfakes.kellogg.northwestern.edu}, publisher={Kelloge}, author={Negar Kamali, Angelos Chatzimparmpas, Jessica Hullman, Matt Groh}}
@misc{Kaggle_DFDC, title={Deepfake Detection Challenge},url={https://www.kaggle.com/c/deepfake-detection-challenge/overview}, journal={Kaggle},year={2020}} 

@misc{Mandal_2024, title={Introduction to convolutional neural networks (CNN)}, url={https://www.analyticsvidhya.com/blog/2021/05/convolutional-neural-networks-cnn/}, journal={Analytics Vidhya}, author={Mandal, Manav}, year={2024}, month={Feb}} 
@misc{Padhy_2024, title={Deepfake-dataset (140k + dataset real or fake)}, url={https://www.kaggle.com/datasets/tusharpadhy/deepfake-dataset}, journal={Kaggle}, author={Padhy, Tushar}, year={2024}, month={Jan}} 
@misc{Sentinel,title={Defending Against Deepfakes and Information Warfare}, url={https://thesentinel.ai/}, journal={Sentinel}} 

@misc{Tripathi_2023, title={Image processing using CNN: A beginners guide}, url={https://www.analyticsvidhya.com/blog/2021/06/image-processing-using-cnn-a-beginners-guide/}, journal={Analytics Vidhya}, author={Tripathi, Mohit}, year={2023}, month={May}} 

@misc{Yamashita_2018, title={Convolutional Neural Networks: An overview and application in radiology - insights into imaging}, url={https://insightsimaging.springeropen.com/articles/10.1007/s13244-018-0639-9}, journal={SpringerOpen}, publisher={Springer Berlin Heidelberg}, author={Yamashita, Rikiya and Nishio, Mizuho and Do, Richard Kinh Gian and Togashi, Kaori}, year={2018}, month={Jun}} 

